@ARTICLE{Figueredo:2009dg,
   author = {Figueredo, A.~J. and Wolf, P. S.~A.},
   title = {Assortative pairing and life history strategy - a cross-cultural study.},
   journal = {Human Nature},
   volume = {20},
   pages = {317-330},
   year = {2009}
}

@article{wu2021quantum,
  title={Quantum resistant key-exposure free chameleon hash and applications in redactable blockchain},
  author={Wu, Chunhui and Ke, Lishan and Du, Yusong},
  journal={Information Sciences},
  volume={548},
  pages={438--449},
  year={2021},
  publisher={Elsevier}
}

@article{bagga2023bilinear,
  title={Bilinear pairing-based access control and key agreement scheme for smart transportation},
  author={Bagga, Palak and Das, Ashok Kumar and Rodrigues, Joel JPC},
  journal={Cyber Security and Applications},
  volume={1},
  pages={100001},
  year={2023},
  publisher={Elsevier}
}

@article{jalaja2023new,
  title={New digital signature scheme on Non-Commutative Rings using Double Conjugacy},
  author={Jalaja, V and Anjaneyulu, GSGN and Mohan, L Narendra},
  journal={Journal of Integrated Science and Technology},
  volume={11},
  number={2},
  pages={471--471},
  year={2023}
}

@article{mahdavi2023new,
  title={New Variations of Discrete Logarithm Problem.},
  author={Mahdavi, Mahdi and Khaleghifard, Sahar and Ahmadian, Zahra},
  journal={ISeCure},
  volume={15},
  number={3},
  year={2023}
}

@article{ye2023survey,
  title={A Survey on Redactable Blockchain: Challenges and Opportunities},
  author={Ye, Tao and Luo, Min and Yang, Yi and Choo, Kim-Kwang Raymond and He, Debiao},
  journal={IEEE Transactions on Network Science and Engineering},
  year={2023},
  publisher={IEEE}
}

@inproceedings{guidi2022social,
  title={Social games and Blockchain: exploring the Metaverse of Decentraland},
  author={Guidi, Barbara and Michienzi, Andrea},
  booktitle={2022 IEEE 42nd International Conference on Distributed Computing Systems Workshops (ICDCSW)},
  pages={199--204},
  year={2022},
  organization={IEEE}
}

@inproceedings{lai2023quantitative,
  title={Quantitative Analysis of Play-to-Earn Blockchain Games: A Case Study of Axie Infinity},
  author={Lai, Yiming and Fan, Sizheng and Cai, Wei},
  booktitle={2023 IEEE International Conference on Metaverse Computing, Networking and Applications (MetaCom)},
  pages={250--257},
  year={2023},
  organization={IEEE}
}

@article{trotz2019times,
  title={The Times They Are a Changin': Surveying How the Howey Test Applies to Various Cryptocurrencies},
  author={Trotz, Ethan D},
  journal={Elon L. Rev.},
  volume={11},
  pages={201},
  year={2019},
  publisher={HeinOnline}
}

@article{truby2020fintech,
  title={Fintech and the city: Sandbox 2.0 policy and regulatory reform proposals},
  author={Truby, Jon},
  journal={International Review of Law, Computers \& Technology},
  volume={34},
  number={3},
  pages={277--309},
  year={2020},
  publisher={Taylor \& Francis}
}

@article{marin2023review,
  title={Review of Blockchain Tokens Creation and Valuation},
  author={Marin, Oana and Cioara, Tudor and Toderean, Liana and Mitrea, Dan and Anghel, Ionut},
  journal={Future Internet},
  volume={15},
  number={12},
  pages={382},
  year={2023},
  publisher={MDPI}
}

@inproceedings{lin2023survey,
  title={A Survey on Metaverse: Applications, Crimes and Governance},
  author={Lin, Kaixin and Wu, Jiajing and Lin, Dan and Zheng, Zibin},
  booktitle={2023 IEEE International Conference on Metaverse Computing, Networking and Applications (MetaCom)},
  pages={541--549},
  year={2023},
  organization={IEEE}
}


@inproceedings{leonardos2020oceanic,
  title={Oceanic games: Centralization risks and incentives in blockchain mining},
  author={Leonardos, Nikos and Leonardos, Stefanos and Piliouras, Georgios},
  booktitle={Mathematical Research for Blockchain Economy: 1st International Conference MARBLE 2019, Santorini, Greece},
  pages={183--199},
  year={2020},
  organization={Springer}
}

@article{hovenkamp2020antitrust,
  title={Antitrust and platform monopoly},
  author={Hovenkamp, Herbert},
  journal={Yale LJ},
  volume={130},
  pages={1952},
  year={2020},
  publisher={HeinOnline}
}

@article{stallone2023enhancing,
  title={Enhancing Digital Advertising with Blockchain Technology},
  author={Stallone, Valerio and Wetzels, Martin and Mahr, Dominik and Klaas, Michael},
  journal={Journal of Interactive Marketing},
  pages={10949968231185543},
  year={2023},
  publisher={SAGE Publications Sage CA: Los Angeles, CA}
}

@article{reed2020decentralized,
  title={Decentralized identifiers (dids) v1. 0},
  author={Reed, Drummond and Sporny, Manu and Longley, Dave and Allen, Christopher and Grant, Ryan and Sabadello, Markus and Holt, Jonathan},
  journal={Draft Community Group Report},
  year={2020}
}

@article{feng2023efficient,
  title={Efficient Multi-Party EdDSA Signature With Identifiable Aborts and its Applications to Blockchain},
  author={Feng, Qi and Yang, Kang and Ma, Mimi and He, Debiao},
  journal={IEEE Transactions on Information Forensics and Security},
  volume={18},
  pages={1937--1950},
  year={2023},
  publisher={IEEE}
}

@inproceedings{wang2023zero,
  title={On how zero-knowledge proof blockchain mixers improve, and worsen user privacy},
  author={Wang, Zhipeng and Chaliasos, Stefanos and Qin, Kaihua and Zhou, Liyi and Gao, Lifeng and Berrang, Pascal and Livshits, Benjamin and Gervais, Arthur},
  booktitle={Proceedings of the ACM Web Conference 2023},
  pages={2022--2032},
  year={2023}
}

@article{abeele2020development,
  title={Development and validation of the player experience inventory: A scale to measure player experiences at the level of functional and psychosocial consequences},
  author={Abeele, Vero Vanden and Spiel, Katta and Nacke, Lennart and Johnson, Daniel and Gerling, Kathrin},
  journal={International Journal of Human-Computer Studies},
  volume={135},
  pages={102370},
  year={2020},
  publisher={Elsevier}
}